@misc{linguistics,
  key={CBIR},
  author =       {},
  title =        {Content {B}ased {I}mage {R}etrieval on {H}adoop {F}ramework},
  howpublished = {IEEE International Congress on Big Data},
  year =         {2015},
  note =          {\newline \url{http://dx.doi.org/10.1109/BigDataCongress.2015.103}}
}

@misc{ml,
  key = {WFA},
  author =       {},
  title =        {Weighted finite automata based on local patterns for image authentication},
  howpublished =      {IEEE International Conference on Semantic Computing},
  year =         {2015},
  note =          {\newline \url{http://dx.doi.org/10.1109/ICOSC.2015.7050797}}
}
